@proceedings{DBLP:conf/ipps/2013w,
    editor    = {Julian M. Kunkel and
               Thomas Ludwig and
               Hans Werner Meuer},
    title     = {Supercomputing - 28th International Supercomputing Conference, {ISC}
               2013, Leipzig, Germany, June 16-20, 2013. Proceedings},
    series    = {Lecture Notes in Computer Science},
    year      = {2013},
    volume    = {7905},
    publisher = {Springer},
    url       = {http://dx.doi.org/10.1007/978-3-642-38750-0},
    doi       = {10.1007/978-3-642-38750-0},
    isbn      = {978-3-642-38749-4},
    timestamp = {Mon, 10 Nov 2014 23:41:56 +0100},
    biburl    = {http://dblp.uni-trier.de/rec/bib/conf/supercomputer/2013},
    bibsource = {dblp computer science bibliography, http://dblp.org}
}

@inproceedings{DBLP:conf/ipps/NewburnDNWMCDM13,
    author    = {Chris J. Newburn and
               Serguei Dmitriev and
               Ravi Narayanaswamy and
               John Wiegert and
               Ravi Murty and
               Francisco Chinchilla and
               Rajiv Deodhar and
               Russell McGuire},
    title     = {Offload {C}ompiler {R}untime for the {I}ntel{\textregistered} {X}eon {P}hi\texttrademark {C}oprocessor},
    booktitle = {2013 {IEEE} International Symposium on Parallel {\&} Distributed Processing,
               Workshops and Phd Forum, Cambridge, MA, USA, May 20-24, 2013},
    year      = {2013},
    pages     = {1213--1225},
    url       = {https://software.intel.com/sites/default/files/article/366893/offload-runtime-for-the-intelr-xeon-phitm-coprocessor.pdf},
    doi       = {10.1109/IPDPSW.2013.251},
    timestamp = {Mon, 10 Nov 2014 23:49:11 +0100},
    biburl    = {http://dblp.uni-trier.de/rec/bib/conf/ipps/NewburnDNWMCDM13},
    bibsource = {dblp computer science bibliography, http://dblp.org}
}
    crossref  = {DBLP:conf/ipps/2013w},

@misc{xkcd:compiling,
    author = {Randall Munroe},
    title = {xkcd - {C}ompiling},
    howpublished = {http://xkcd.com/303/},
}
