% !TEX root = ./survey_paper.tex

@inproceedings{Newburn:2013:OCR:2510648.2511038,
	author = {Newburn, Chris J. and Dmitriev, Serguei and Narayanaswamy, Ravi and Wiegert, John and Murty, Ravi and Chinchilla, Francisco and Deodhar, Rajiv and McGuire, Russ},
	title = {Offload Compiler Runtime for the Intel\&\#174; Xeon Phi\&\#153; Coprocessor},
	booktitle = {Proceedings of the 2013 IEEE 27th International Symposium on Parallel and Distributed Processing Workshops and PhD Forum},
	series = {IPDPSW '13},
	year = {2013},
	isbn = {978-0-7695-4979-8},
	pages = {1213--1225},
	numpages = {13},
	url = {http://dx.doi.org/10.1109/IPDPSW.2013.251},
	doi = {10.1109/IPDPSW.2013.251},
	acmid = {2511038},
	publisher = {IEEE Computer Society},
	address = {Washington, DC, USA},
	keywords = {Xeon Phi, MIC, offload, compiler, heterogeneous, coprocessor, runtime},
}

@article{Schaller:1997:MLP:254613.254618,
	author = {Schaller, Robert R.},
	title = {Moore's Law: Past, Present, and Future},
	journal = {IEEE Spectr.},
	issue_date = {June 1997},
	volume = {34},
	number = {6},
	month = jun,
	year = {1997},
	issn = {0018-9235},
	pages = {52--59},
	numpages = {8},
	url = {http://dx.doi.org/10.1109/6.591665},
	doi = {10.1109/6.591665},
	acmid = {254618},
	publisher = {IEEE Press},
	address = {Piscataway, NJ, USA},
}
